@ARTICLE{Wu2018iTTVis,
author={Y. Wu and J. Lan and X. Shu and C. Ji and K. Zhao and J. Wang and H. Zhang},
journal={IEEE Transactions on Visualization and Computer Graphics},
title={iTTVis: Interactive Visualization of Table Tennis Data},
year={2018},
volume={24},
number={1},
pages={709-718},
keywords={Correlation;Data visualization;Games;Hafnium;Mathematical model;Videos;Visualization;Sports visualization;sports analytics;visual knowledge discovery;visual knowledge representation},
doi={10.1109/TVCG.2017.2744218},
ISSN={1077-2626},
month={Jan},}

@article{polk2014tennivis,
  title={Tennivis: Visualization for tennis match analysis},
  author={Polk, Tom and Yang, Jing and Hu, Yueqi and Zhao, Ye},
  journal={IEEE transactions on visualization and computer graphics},
  volume={20},
  number={12},
  pages={2339--2348},
  year={2014},
  publisher={IEEE}
}

@article{perin2016using,
  title={Using Gap Charts to Visualize the Temporal Evolution of Ranks and Scores},
  author={Perin, Charles and Boy, Jeremy and Vernier, Fr{\'e}d{\'e}ric},
  journal={IEEE computer graphics and applications},
  volume={36},
  number={5},
  pages={38--49},
  year={2016},
  publisher={IEEE}
}

@inproceedings{sacha2014feature,
  title={Feature-driven visual analytics of soccer data},
  author={Sacha, Dominik and Stein, Manuel and Schreck, Tobias and Keim, Daniel A and Deussen, Oliver and others},
  booktitle={Visual Analytics Science and Technology (VAST), 2014 IEEE Conference on},
  pages={13--22},
  year={2014},
  organization={IEEE}
}

@article{perin2013soccerstories,
  title={SoccerStories: A kick-off for visual soccer analysis},
  author={Perin, Charles and Vuillemot, Romain and Fekete, Jean-Daniel},
  journal={IEEE transactions on visualization and computer graphics},
  volume={19},
  number={12},
  pages={2506--2515},
  year={2013},
  publisher={IEEE}
}

@article{chen2017biomechanics,
  title={Biomechanics of fencing sport: A scoping review},
  author={Chen, Tony Lin-Wei and Wong, Duo Wai-Chi and Wang, Yan and Ren, Sicong and Yan, Fei and Zhang, Ming},
  journal={PLoS One},
  volume={12},
  number={2},
  year={2017},
  publisher={Public Library of Science}
}

@inproceedings{tarrago2016complementary,
  title={A Complementary Study of Elite Fencing Tactics Using Lag Sequential, Polar Coordinate, and T-Pattern Analyses},
  author={Tarrag{\'o}, Rafael and Iglesias, Xavier and Lapresa, Daniel and Anguera, M Teresa},
  booktitle={Proceedings of the International Conference on Sequence Analysis and Related Methods},
  pages={339--348},
  year={2016}
}

@article{tarrago2015analisis,
  title={An{\'a}lisis de patrones en asaltos de espada de alto nivel},
  author={Tarrag{\'o}, Rafael and Iglesias, Xavier and Michavila, Juan Jos{\'e} and Chaverri, Diego and Ruiz-Sanchis, Laura and Anguera, M Teresa},
  journal={Cuadernos de Psicolog{\'\i}a del Deporte},
  volume={15},
  number={1},
  pages={151--160},
  year={2015},
  publisher={SciELO Espana}
}

@article{basole2016sports,
	title={Sports Data Visualization [Guest editors' introduction]},
	author={Basole, Rahul C and Saupe, Dietmar},
	journal={IEEE Computer Graphics and Applications},
	volume={36},
	number={5},
	pages={24--26},
	year={2016},
	publisher={IEEE}
}

@article{vuillemot2016sports,
  title={Sports Tournament Predictions Using Direct Manipulation},
  author={Vuillemot, Romain and Perin, Charles},
  journal={IEEE computer graphics and applications},
  volume={36},
  number={5},
  pages={62--71},
  year={2016},
  publisher={IEEE}
}

@article{perin2016using,
  title={Using Gap Charts to Visualize the Temporal Evolution of Ranks and Scores},
  author={Perin, Charles and Boy, Jeremy and Vernier, Fr{\'e}d{\'e}ric},
  journal={IEEE computer graphics and applications},
  volume={36},
  number={5},
  pages={38--49},
  year={2016},
  publisher={IEEE}
}