@ARTICLE{Wu2018iTTVis,
author={Y. Wu and J. Lan and X. Shu and C. Ji and K. Zhao and J. Wang and H. Zhang},
journal={IEEE Transactions on Visualization and Computer Graphics},
title={iTTVis: Interactive Visualization of Table Tennis Data},
year={2018},
volume={24},
number={1},
pages={709-718},
keywords={Correlation;Data visualization;Games;Hafnium;Mathematical model;Videos;Visualization;Sports visualization;sports analytics;visual knowledge discovery;visual knowledge representation},
doi={10.1109/TVCG.2017.2744218},
ISSN={1077-2626},
month={Jan},}

@article{polk2014tennivis,
  title={Tennivis: Visualization for tennis match analysis},
  author={Polk, Tom and Yang, Jing and Hu, Yueqi and Zhao, Ye},
  journal={IEEE transactions on visualization and computer graphics},
  volume={20},
  number={12},
  pages={2339--2348},
  year={2014},
  publisher={IEEE}
}

@article{perin2016using,
  title={Using Gap Charts to Visualize the Temporal Evolution of Ranks and Scores},
  author={Perin, Charles and Boy, Jeremy and Vernier, Fr{\'e}d{\'e}ric},
  journal={IEEE computer graphics and applications},
  volume={36},
  number={5},
  pages={38--49},
  year={2016},
  publisher={IEEE}
}

@inproceedings{sacha2014feature,
  title={Feature-driven visual analytics of soccer data},
  author={Sacha, Dominik and Stein, Manuel and Schreck, Tobias and Keim, Daniel A and Deussen, Oliver and others},
  booktitle={Visual Analytics Science and Technology (VAST), 2014 IEEE Conference on},
  pages={13--22},
  year={2014},
  organization={IEEE}
}

@article{perin2013soccerstories,
  title={SoccerStories: A kick-off for visual soccer analysis},
  author={Perin, Charles and Vuillemot, Romain and Fekete, Jean-Daniel},
  journal={IEEE transactions on visualization and computer graphics},
  volume={19},
  number={12},
  pages={2506--2515},
  year={2013},
  publisher={IEEE}
}